@article{einstein,
    author =       "Albert Einstein",
    title =        "{Zur Elektrodynamik bewegter K{\"o}rper}. ({German})
        [{On} the electrodynamics of moving bodies]",
    journal =      "Annalen der Physik",
    volume =       "322",
    number =       "10",
    pages =        "891--921",
    year =         "1905",
    DOI =          "http://dx.doi.org/10.1002/andp.19053221004"
}

@online{WB,
  author = {{World Bank}},
  title = "World Development Indicators",
  year = 2020,
  url = "https://data.worldbank.org/",
  urldate = {2020-04-25}
}

@online{SO,
  author = {{Stack Overflow}},
  title = "Annual Developer Survey",
  year = 2019,
  url = "https://insights.stackoverflow.com/survey/",
  urldate = {2020-04-25}
}

@book{latexcompanion,
    author    = "Michel Goossens and Frank Mittelbach and Alexander Samarin",
    title     = "The \LaTeX\ Companion",
    year      = "1993",
    publisher = "Addison-Wesley",
    address   = "Reading, Massachusetts"
}

@book{projs,
  author = "Matt Frisbie",
  title = "Professional JavaScript for Web Developers",
  year = 2020,
  publisher = "John Wiley & Sons",
  address = "Indianapolis, Indiana, USA"
}

@book{cleanjs,
  author = "James Padolsey",
  Title = "Clean Code in JavaScript",
  year = 2020,
  publisher = "Packt",
  address = "Birmingham, UK"
  }